@article{dynamicpareto,
  title   = {Dynamic Algorithm Selection for Pareto Optimal Set Approximation},
  author  = {Ingrida Steponavi\v{c}\.{e} and Rob J Hyndman and Kate Smith-Miles and Laura Villanova},
  year    = {2017},
  issue   = {1},
  pages   = {263-282},
  volume  = {67},
  journal = {Journal of Global Optimization}
}

@article{fvanaive,
  title   = {A note on upper bounds for forecast-value-added relative to naïve forecasts},
  author  = {Goodwin, Paul and Petropoulos, Fotios and Hyndman, Rob J},
  year    = {2017},
  volume  = 68,
  issue   = 9,
  pages   = {1082-1084},
  journal = {Journal of the Operational Research Society}
}

@article{handguns,
  title   = {Handgun acquisitions in {California} after two mass shootings},
  author  = {Studdert, D M and Zhang, Y and Rodden, J A and Hyndman, R J and Wintemute, G J},
  year    = {2017},
  doi     = {10.7326/M16-1574},
  number  = {10},
  pages   = {698-706},
  volume  = {166},
  journal = {Annals of Internal Medicine}
}

@article{hfts,
  title   = {Grouped functional time series forecasting: an application to age-specific mortality rates},
  author  = {Han Lin Shang and Rob J Hyndman},
  year    = {2017},
  doi     = {10.1080/10618600.2016.1237877},
  number  = {2},
  pages   = {330-343},
  volume  = {26},
  journal = {Journal of Computational and Graphical Statistics}
}

@article{m3pca,
  title   = {Visualising forecasting algorithm performance using time series instance spaces},
  author  = {Yanfei Kang and Rob J Hyndman and Kate Smith-Miles},
  year    = {2017},
  number  = {2},
  pages   = {345-358},
  volume  = {33},
  journal = {International Journal of Forecasting}
}

@inproceedings{probhts,
  title     = {Coherent probabilistic forecasts for hierarchical time series},
  author    = {Souhaib {Ben Taieb} and James W Taylor and Rob J Hyndman},
  booktitle = {Proceedings of the 34th International Conference on Machine Learning, PMLR},
  year      = {2017},
  volume    = 70,
  pages     = {3348-3357}
}

@article{temporal-hierarchies,
  title   = {Forecasting with temporal hierarchies},
  author  = {George Athanasopoulos and Rob J Hyndman and Nikolaos Kourentzes and Fotios Petropoulos},
  year    = {2017},
  number  = {1},
  pages   = {60-74},
  volume  = {262},
  journal = {European Journal of Operational Research}
}

@article{Tham2016,
  title   = {Associations between outdoor fungal spores and childhood and adolescent asthma hospitalisations},
  author  = {Rachel Tham and Don Vicendese and Shyamali C Dharmage and Rob J Hyndman and Ed Newbigin and Emma Lewis and Molly O'Sullivan and Adrian J Lowe and Philip Taylor and Philip Bardin and Mimi L Tang and Michael J Abramson and Bircan Erbas},
  year    = {2017},
  issue   = {4},
  pages   = {1140–1147.e4},
  volume  = {139},
  journal = {Journal of Allergy and Clinical Immunology}
}

@techreport{ausmacrodata,
  title       = {The Australian Macro Database: An online resource for macroeconomic research in Australia},
  author      = {Timur Behlul and Anastasios Panagiotelis and George Athanasopoulos and Rob J Hyndman and Farshid Vahid},
  institution = {Department of Econometrics \& Business Statistics, Monash University},
  year        = {2017},
  number      = {17/01},
  type        = {Working paper},
  url         = {robjhyndman.com/publications/ausmacrodata}
}

@techreport{ausmacrofcast,
  title       = {Macroeconomic forecasting for Australia using a large number of predictors},
  author      = {Bin Jiang and George Athanasopoulos and Rob J Hyndman and Anastasios Panagiotelis and Farshid Vahid},
  institution = {Department of Econometrics \& Business Statistics, Monash University},
  year        = {2017},
  number      = {17/02},
  type        = {Working paper},
  url         = {robjhyndman.com/publications/ausmacrofcast}
}

@techreport{smartmeterhts,
  title       = {Hierarchical Probabilistic Forecasting of Electricity Demand with Smart Meter Data},
  author      = {Souhaib {Ben Taieb} and James W Taylor and Rob J Hyndman},
  institution = {Department of Econometrics \& Business Statistics, Monash University},
  year        = {2017},
  type        = {Working paper},
  url         = {robjhyndman.com/publications/hpf-electricity/}
}

@article{baggedETS,
  title   = {Bagging exponential smoothing methods using {STL}
             decomposition and {Box-Cox} transformation},
  author  = {Bergmeir, Christoph and Hyndman, Rob J and Ben{\i}tez, Jos\'{e} M},
  year    = {2016},
  number  = {2},
  pages   = {303--312},
  volume  = {32},
  journal = {International Journal of Forecasting}
}

@article{fasthts,
  title   = {Fast computation of reconciled forecasts for hierarchical and grouped time series},
  author  = {Hyndman, Rob J and Lee, Alan and Wang, Earo},
  year    = {2016},
  pages   = {16--32},
  volume  = {97},
  journal = {Computational Statistics \& Data Analysis}
}

@article{gefcom2014,
  title   = {Probabilistic Energy Forecasting: Global Energy Forecasting Competition 2014 and Beyond},
  author  = {Tao Hong and Pierre Pinson and Shu Fan and Hamidreza Zareipour and Alberto Troccoli and Rob J Hyndman},
  year    = {2016},
  number  = {3},
  pages   = {896-913},
  volume  = {32},
  journal = {International Journal of Forecasting}
}

@article{pearce2016exploring,
  title   = {Exploring the influence of short-term temperature patterns on temperature-related mortality: a case-study of Melbourne, Australia},
  author  = {Pearce, John L and Hyer, Madison and Hyndman, Rob J and Loughnan, Margaret and Dennekamp, Martine and Nicholls, Neville},
  year    = {2016},
  number  = {1},
  pages   = {107},
  volume  = {15},
  journal = {Environmental Health}
}

@inbook{sampling-multiobjective-optimization,
  title     = {On sampling methods for costly multi-objective black-box optimization},
  author    = {Ingrida Steponavi\v{c}\.{e} and Mojdeh Shirazi-Manesh and Rob J. Hyndman and Kate Smith-Miles and Laura Villanova},
  booktitle = {Advances in Stochastic and Deterministic Global Optimization},
  year      = {2016},
  editor    = {P. M. Pardalos and A. Zhigljavsky and J. \v{Z}ilinskas},
  pages     = {273–296},
  publisher = {Springer},
  address   = {New York}
}

@article{smart-meter-quantiles,
  title   = {Forecasting uncertainty in electricity smart meter data by boosting additive quantile regression},
  author  = {Souhaib Ben~Taieb and Raphael Huser and Rob J Hyndman and Marc G Genton},
  year    = {2016},
  issue   = {5},
  pages   = {2448-2455},
  volume  = {7},
  journal = {IEEE Transactions on Smart Grid}
}

@techreport{BayesianRankVAR,
  title       = {Bayesian rank selection in multivariate regression},
  author      = {Bin Jiang and Anastasios Panagiotelis and George Athanasopoulos and Rob J Hyndman and Farshid Vahid},
  institution = {Department of Econometrics \& Business Statistics, Monash University},
  year        = {2016},
  number      = {05/16},
  type        = {Working paper},
  url         = {robjhyndman.com/publications/bayesian-rank-selection-in-multivariate-regression/}
}

@techreport{participationrates,
  title       = {Long-term forecasts of age-specific participation rates with functional data models},
  author      = {Thomas Url and Rob J Hyndman and Alexander Dokumentov},
  institution = {Department of Econometrics \& Business Statistics, Monash University},
  year        = {2016},
  number      = {03/16},
  type        = {Working paper},
  url         = {http://robjhyndman.com/publications/participation-rates/}
}

@article{tscv,
  title   = {A note on the validity of cross-validation for evaluating autoregressive time series prediction},
  author  = {Christoph Bergmeir and Rob J Hyndman and Bonsoo Koo},
  year    = {2018},
  volume  = 120,
  pages   = {70-83},
  journal = {Computational Statistics \& Data Analysis},
  url     = {robjhyndman.com/publications/cv-time-series/}
}
